@string{VLHCC = {{IEEE Int.\ Symp.\ on Visual Languages and Human-Centric Computing (VL/HCC)}}}
@string{CRV   = {{1st Int.\ Conference on Runtime Verification}}}

@inproceedings{abbott2015prog,
  author    = {Abbott, Keeley and Bogart, Christopher and Walkingshaw, Eric},
  title     = {{Programs for People: What We Can Learn from Lab Protocols}},
  booktitle = VLHCC,
  year      = 2015,
  pages     = {203 -- 211},
}

@techreport{FAA2016,
  author = {FAA},
  title = {{FAA Aerospace Forecast: Fiscal Years 2016--2036}},
  institution = {United States Federal Aviation Administration},
  number = {TC16-0002},
  address = {Washington, DC, USA},
  year = 2016,
  file = {http://www.faa.gov/data_research/aviation/aerospace_forecasts/media/FY2016-36_FAA_Aerospace_Forecast.pdf}
}

@misc{google2016car,
  author       = {{The X Team}},
  title        = {{Google Self-Driving Car}},
  year         = 2016,
  howpublished = "\url{https://www.google.com/selfdrivingcar/}",
}

@inproceedings{elliot2015ivory,
  author    = {Elliot, Trevor and Pike, Lee and Winwood, Simon and Hickey, Pat and Bielman, James and Sharp, Jamey and Seidel, Eric and Launchbury, John},
  title     = {{Guilt Free Ivory}},
  booktitle = {Haskell Symposium},
  year      = 2015,
  pages     = {189 -- 200},
}

@inproceedings{EH97fra,
  title     = {{Functional Reactive Animation}},
  author    = {Elliott, Conal and Hudak, Paul},
  booktitle = {ACM SIGPLAN International Conference on Functional Programming},
  year      = 1997,
  pages     = {263--273}
}

@inproceedings{WH00frp,
 author = {Wan, Zhanyong and Hudak, Paul},
 title = {{Functional Reactive Programming from First Principles}},
 booktitle = {ACM SIGPLAN Conference on Programming Language Design and Implementation},
 year = 2000,
 pages = {242--252},
} 

@misc{wikipedia2016dr,
  author       = {Wikipedia},
  title        = {{Dead reckoning -- {W}ikipedia{,} The Free Encyclopedia}},
  year         = 2016,
  howpublished = "\url{https://en.wikipedia.org/wiki/Dead_reckoning}",
  note         = "[Online; accessed 01-June-2016]",
}

@misc{wikipedia2016frp,
  author       = {Wikipedia},
  title        = {{Functional reactive programming -- {W}ikipedia{,} The Free Encyclopedia}},
  year         = 2016,
  howpublished = "\url{https://en.wikipedia.org/wiki/Functional_reactive_programming}",
  note         = "[Online; accessed 01-June-2016]",
}

@inproceedings{pike2010copilot,
  author    = {Pike, Lee and Goodloe, Alwyn and Morisset, Robin and Niller, Sebastian},
  title     = {{Copilot: A Hard Real-Time Runtime Monitor}},
  booktitle = CRV,
  publisher = {Springer},
  series    = {LNCS},
  year      = 2010,
}

@misc{boeing2016auto,
  author       = {{Boeing}},
  title        = {{Unmanned Little Bird H-6U}},
  year         = 2016,
  howpublished = "\url{http://www.boeing.com/defense/unmanned-little-bird-h-6u}",
  note         = "[Online; accessed 01-June-2016]",
}

@inproceedings{little2010turkit,
  author = {Little, Greg and Chilton, Lydia B and Goldman, Max and Miller, Robert C},
  title = {Turkit: human computation algorithms on mechanical turk},
  booktitle = {23rd Annual ACM Symp.\ on User Interface Software and Technology},
  organization = {ACM},
  pages = {57--66},
  year = 2010,
}

@inproceedings{quinn2011hc,
  author = {Quinn, Alexander J and Bederson, Benjamin B},
  title = {Human Computation: A Survey and Taxonomy of a Growing Field},
  booktitle = {SIGCHI Conference on Human Factors in Computing Systems},
  organization = {ACM},
  pages = {1403--1412},
  year = 2011,
}
